@misc{BlankDontUse2,
 title = {Blank Don't Use This}
}

@incollection{DenKr_pub7970,
    KEYWORDS={primary_literature},
    title={\begingroup
        Optimierte Kanalauswahl in lokalen Funknetzen mittels SINR-basierter Algorithmen\endgroup},
    author = {Fischer, Christoph and Krummacker, Dennis and Lipps, Christoph and Schotten, Hans Dieter and Mannweiler, Christian},
    editor = {Roer, Peter and Tönjes, Ralf and Westerkamp, Clemens},
    booktitle = {ITG Fachbericht Mobilkommunikation Technologien und Anwendungen},
    series = {ITG},
    year = {2015},
    month = {5},
    volume = {258},
    pages = {68--73},
    publisher = {VDE},
    isbn = {978-3-8007-3937-0}
}

@inproceedings{DenKr_pub9527,
    KEYWORDS={primary_literature},
    title={\begingroup
        Proof of Concept for IoT Device Authentication based on SRAM PUFs using ATMEGA 2560-MCU\endgroup},
    author = {Lipps, Christoph and Andreas, Weinand and Krummacker, Dennis and Fischer, Christoph and Schotten, Hans Dieter},
    booktitle = {1st International Conference on Data Intelligence and Security. International Conference on Data Intelligence and Security (ISDIS-2018), South Padre Island, Texas, United States},
    year = {2018},
    publisher = {IEEE}
}

@inproceedings{DenKr_pub9914,
    KEYWORDS={primary_literature},
    title={\begingroup
        The Dos and Don’ts of Industrial Network Simulation: A Field Report\endgroup},
    author = {Duque Antón, Simon and Fraunholz, Daniel and Krummacker, Dennis and Fischer, Christoph and Karrenbauer, Michael and Schotten, Hans Dieter},
    booktitle = {Proceedings of the 2nd International Symposium on Computer Science and Intelligent Control (ISCSIC). International Conference on Industrial Automation, Robotics and Control Engineering (IARCE-2018), September 21-23, Stockholm, Sweden},
    year = {2018},
    organization = {International Academy of Science and Engineering for Development (IASED)},
    publisher = {IASED}
}

@inproceedings{DenKr_olaya2018communication,
    KEYWORDS={primary_literature},
    title={\begingroup
        Communication abstraction supports network resource virtualisation in automation\endgroup},
    author={Perez Olaya, Santiago Soler and Wollschlaeger, Martin and Krummacker, Dennis and Fischer, Christoph and Schotten, Hans Dieter and Guillaume, Ren{\'e} and Walewski, Joachim W and Franchi, Norman},
    booktitle={2018 IEEE 27th International Symposium on Industrial Electronics (ISIE)},
    pages={697--702},
    year={2018},
    organization={IEEE}
}

@inproceedings{DenKr_ehrlich2018software,
    KEYWORDS={primary_literature},
    title={\begingroup
        Software-defined networking as an enabler for future industrial network management\endgroup},
    author={Ehrlich, Marco and Krummacker, Dennis and Fischer, Christoph and Guillaume, Ren{\'e} and Perez Olaya, Santiago Soler and Frimpong, Ansah and de Meer, Hermann and Wollschlaeger, Martin and Schotten, Hans Dieter and Jasperneite, J{\"u}rgen},
    booktitle={2018 IEEE 23rd International Conference on Emerging Technologies and Factory Automation (ETFA)},
    volume={1},
    pages={1109--1112},
    year={2018},
    organization={IEEE}
}


@inproceedings{DenKr_pub10617,
    KEYWORDS={primary_literature},
    title={\begingroup
        Securing Industrial Wireless Networks: Enhancing SDN with PhySec\endgroup},
    author = {Lipps, Christoph and Krummacker, Dennis and Schotten, Hans Dieter},
    booktitle = {Second International Conference on Next Generation Computing Applications 2019. Next Generation Computing Applications (NextComp-2019), September 19-21, Balaclava, Mauritius},
    year = {2019},
    month = {9},
    organization = {Faculty of Information, Communication and Digital Technologies},
    publisher = {IEEE Xplore}
}

@inproceedings{DenKr_ansah2020controller,
    KEYWORDS={primary_literature},
    title={\begingroup
        Controller of Controllers Architecture for Management of Heterogeneous Industrial Networks\endgroup},
    author={Frimpong, Ansah and Perez Olaya, Santiago Soler and Krummacker, Dennis and Fischer, Christoph and Winkel, Alexander and Guillaume, Ren{\'e} and Wisniewski, Lukas and Ehrlich, Marco and Mandarawi, Waseem and Trsek, Henning and others},
    booktitle={2020 16th IEEE International Conference on Factory Communication Systems (WFCS)},
    pages={1--8},
    year={2020},
    organization={IEEE}
}

@INPROCEEDINGS{DenKr_krummacker2020wclocksynch,
    KEYWORDS={primary_literature},
    title={\begingroup
        Intra-Network Clock Synchronization for Wireless Networks: From State of the Art Systems to an Improved Solution\endgroup},
    author={Krummacker, Dennis and Fischer, Christoph and Alam, Kurshid and Karrenbauer, Michael and Melnyk, Sergiy and Schotten, Hans Dieter and Chen, Peng and Tang, Siyu},
    booktitle={2020 2nd International Conference on Computer Communication and the Internet (ICCCI)}, 
    year={2020},
    volume={},
    number={},
    pages={36-44},
    abstract={Since the announcement of Industry 4.0 (I4.0), the concepts and ideas behind this revolution have been overturning. On the communication side however, all scenarios can be reduced to similar requirements. I4.0 communication requires real-time capability, reliability and interconnectivity of many clients. The realization of these requirements is already made possible by the IEEE standardized TSN technology. A key enabler for the realization of these requirements is a common time understanding of all involved instances, in order to coordinate the complexity arising in such a scenario. For this purpose, clock synchronization is an essential component of TSN. However, there is another essential feature that many I4.0 use cases have in common, which is the spatial dynamics of clients that only wireless communication can provide. This paper presents an approach based on WLAN, which is also able to meet these requirements. The essential points of clock synchronization as used in TSN are analyzed and transferred to WLAN and further concepts and optimizations will be introduced. These concepts are evaluated and analyzed in simulations. The result is a communication concept, which is able to exceed the performance of wired TSN as shown by various KPIs.},
    keywords={Synchronization;Clocks;Protocols;Jitter;Wireless communication;Wireless LAN;Convergence;clock synchronization;industrial radio;IEEE 802.11;WLAN;TSN;PTP;gPTP;IEEE 1588;IEEE 802.1AS},
    doi={10.1109/ICCCI49374.2020.9145977},
    ISSN={},
    month={6}
}



@inproceedings{DenKr_pub11054,
    KEYWORDS={primary_literature},
    title={\begingroup
        Industrial Network Topology Generation with Genetic Algorithms\endgroup},
    author = {Fischer, Christoph and Berndt, Maximilian and Krummacker, Dennis and Zemitis, Janis and Fraunholz, Daniel and Schotten, Hans Dieter},
    booktitle = {YEF ECE. IEEE Young Engineers Forum (ECE-2020)},
    year = {2020},
    publisher = {IEEE}
}




@article{DenKr_karrenbauer2020study,
    KEYWORDS={primary_literature},
    title={\begingroup
        A\ Study on the Application of Rateless Coding in Non-Cellular MIMO Systems for Machine-Type Communication\endgroup},
  author={Karrenbauer, Michael and Melnyk, Sergiy and Krummacker, Dennis and Weinand, Andreas and Schotten, Hans Dieter},
  journal={IFAC-PapersOnLine},
  volume={53},
  number={2},
  pages={8243--8248},
  year={2020},
  publisher={Elsevier}
}




@article{DenKr_fischer2021modular,
    KEYWORDS={primary_literature},
    title={\begingroup
        A\ Modular Design Concept for Shaping Future Wireless TSN Solutions\endgroup},
  author={Fischer, Christoph and Krummacker, Dennis and Karrenbauer, Michael and Schotten, Hans Dieter},
  journal={Information},
  volume={12},
  number={1},
  pages={12},
  year={2021},
  publisher={Multidisciplinary Digital Publishing Institute}
}




@inproceedings{DenKr_krummacker2020tsnsimulation,
    KEYWORDS={primary_literature},
    title={\begingroup
        TSN Simulation: Time-Aware Shaper implemented in ns-3\endgroup},
  author       = {Krummacker, Dennis and Wendling, Luca},
  editor       = {},
  year         = {2020},
  booktitle    = {2020 Workshop on Next Generation Networks and Applications (NGNA 2020)},
  booksubtitle = {},
  booktitleaddon= {},
  eventdate    = {2020-12-14/2020-12-18},
  venue        = {},
  publisher    = {Technische Universit{\"a}t Kaiserslautern},
  location     = {Kaiserslautern, Germany},
  pages        = {},
}




@inproceedings{DenKr_krummacker2020divite,
    KEYWORDS={primary_literature},
    title={\begingroup
        Divite -- Inter-Programming-Language Interaction Toolbox \& Abstraction of Information Processing Sequences\endgroup},
  author       = {Krummacker, Dennis},
  editor       = {},
  year         = {2020},
  booktitle    = {2020 Workshop on Next Generation Networks and Applications (NGNA 2020)},
  booksubtitle = {},
  booktitleaddon= {},
  eventdate    = {2020-12-14/2020-12-18},
  venue        = {},
  publisher    = {Technische Universit{\"a}t Kaiserslautern},
  location     = {Kaiserslautern, Germany},
  pages        = {},
}




@inproceedings{DenKr_fischer2020advanced,
    KEYWORDS={primary_literature},
    title={\begingroup
        Advanced Wireless Communication for Industrial Intra-Logistics Use Cases\endgroup},
  author       = {Fischer, Christoph and Berndt, Maximilian and Krummacker, Dennis},
  editor       = {},
  year         = {2020},
  booktitle    = {2020 Workshop on Next Generation Networks and Applications (NGNA 2020)},
  booksubtitle = {},
  booktitleaddon= {},
  eventdate    = {2020-12-14/2020-12-18},
  venue        = {},
  publisher    = {Technische Universit{\"a}t Kaiserslautern},
  location     = {Kaiserslautern, Germany},
  pages        = {},
}




@inproceedings{DenKr_berndt2020realtimetask,
    KEYWORDS={primary_literature},
    title={\begingroup
        Real-Time Task Scheduling and Multi-Vehicle Navigation for Intra-Logistics\endgroup},
  author       = {Berndt, Maximilian and Fischer, Christoph and Krummacker, Dennis},
  editor       = {},
  year         = {2020},
  booktitle    = {2020 Workshop on Next Generation Networks and Applications (NGNA 2020)},
  booksubtitle = {},
  booktitleaddon= {},
  eventdate    = {2020-12-14/2020-12-18},
  venue        = {},
  publisher    = {Technische Universit{\"a}t Kaiserslautern},
  location     = {Kaiserslautern, Germany},
  pages        = {},
}




@inproceedings{DenKr_reichardt2020FunctionalDescription,
    KEYWORDS={primary_literature},
    title={\begingroup
        Functional Description of AI-Engines within an AI-Architecture\endgroup},
  author       = {Reichardt, Mike and Krummacker, Dennis and Tayade, Shreya},
  editor       = {},
  year         = {2020},
  booktitle    = {2020 Workshop on Next Generation Networks and Applications (NGNA 2020)},
  booksubtitle = {},
  booktitleaddon= {},
  eventdate    = {2020-12-14/2020-12-18},
  venue        = {},
  publisher    = {Technische Universit{\"a}t Kaiserslautern},
  location     = {Kaiserslautern, Germany},
  pages        = {},
}




@inproceedings{DenKr_denkrement1_indeco,
    KEYWORDS={primary_literature},
    title={\begingroup
        InDeCo -- Detach Communication from the Interconnection via an automatic zero-configuration, service-oriented Network Handling\endgroup},
    author = {Krummacker, Dennis and Schotten, Hans Dieter},
    booktitle = {ITG Fachbericht Mobilkommunikation Technologien und Anwendungen},
    series = {ITG},
    year = {2021},
    publisher = {IEEE Xplore, VDE},
    eventtitle = {25. ITG-Fachtagung Mobilkommunikation},
    eventdate = {2021-11-03/2021-11-04},
    location = {Osnabr{\"u}ck},
}




@inproceedings{DenKr_berndt_25ITG,
    KEYWORDS={primary_literature},
    title={\begingroup
        Centralized Robotic Fleet Coordination and Control\endgroup},
    author = {Berndt, Maximilian and Krummacker, Dennis and Fischer, Christoph and Schotten, Hans Dieter},
    booktitle = {ITG Fachbericht Mobilkommunikation Technologien und Anwendungen},
    series = {ITG},
    year = {2021},
    publisher = {IEEE Xplore, VDE},
    eventtitle = {25. ITG-Fachtagung Mobilkommunikation},
    eventdate = {2021-11-03/2021-11-04},
    location = {Osnabr{\"u}ck},
}


















@inproceedings{DenKr_pending1,
    KEYWORDS={primary_literature},
    title={\begingroup
        Deterministic Planning for Flexible Intralogistics\endgroup},
    author = {Berndt, Maximilian and Krummacker, Dennis and Fischer, Christoph and Schotten, Hans Dieter},
    year = {2020}
}


@inproceedings{DenKr_archdaemon,
    KEYWORDS={primary_literature},
    title={\begingroup
        ArchDaemon\endgroup},
    author = {Krummacker, Dennis and Fischer, Christoph and Schotten, Hans Dieter},
    year = {2020}
}